<record><leader>00000cas a2200000 a 4500</leader><controlfield tag="001">15119511</controlfield><controlfield tag="008">870128c19099999vtuwn ne     s0   a0eng d</controlfield><datafield ind1=" " ind2=" " tag="010"><subfield code="a">sn 87000094 </subfield></datafield><datafield ind1=" " ind2=" " tag="040"><subfield code="a">VTU</subfield><subfield code="b">eng</subfield><subfield code="c">VTU</subfield><subfield code="d">NSD</subfield><subfield code="d">NVN</subfield><subfield code="d">OCLCQ</subfield><subfield code="d">OCLCF</subfield><subfield code="d">OCLCO</subfield></datafield><datafield ind1="1" ind2=" " tag="022"><subfield code="a">0892-3132</subfield><subfield code="l">0892-3132</subfield><subfield code="2">1</subfield></datafield><datafield ind1=" " ind2=" " tag="037"><subfield code="b">The Vermont Cynic, Billings Center, University of Vermont, Burlington, VT 05405</subfield></datafield><datafield ind1=" " ind2=" " tag="042"><subfield code="a">nsdp</subfield></datafield><datafield ind1=" " ind2=" " tag="043"><subfield code="a">n-us-vt</subfield></datafield><datafield ind1=" " ind2=" " tag="090"><subfield code="a">LH1.V4</subfield><subfield code="b">U54</subfield></datafield><datafield ind1=" " ind2="4" tag="222"><subfield code="a">The Vermont cynic</subfield></datafield><datafield ind1="0" ind2="4" tag="245"><subfield code="a">The Vermont cynic.</subfield></datafield><datafield ind1="1" ind2="3" tag="246"><subfield code="a">Cynic</subfield></datafield><datafield ind1=" " ind2=" " tag="260"><subfield code="a">Burlington, Vt. :</subfield><subfield code="b">University of Vermont</subfield></datafield><datafield ind1=" " ind2=" " tag="300"><subfield code="a">v. :</subfield><subfield code="b">ill. ;</subfield><subfield code="c">45 cm.</subfield></datafield><datafield ind1=" " ind2=" " tag="310"><subfield code="a">Weekly (during academic year)</subfield></datafield><datafield ind1=" " ind2=" " tag="321"><subfield code="a">Three issues monthly (during school year)</subfield></datafield><datafield ind1="0" ind2=" " tag="362"><subfield code="a">Vol. 27, no. 1 (May 13, 1909)-</subfield></datafield><datafield ind1=" " ind2=" " tag="588"><subfield code="a">Latest issue consulted: Vol. 103, issue 13 (Dec. 4, 1986).</subfield></datafield><datafield ind1=" " ind2="0" tag="650"><subfield code="a">College student newspapers and periodicals</subfield><subfield code="z">Vermont.</subfield></datafield><datafield ind1=" " ind2="0" tag="651"><subfield code="a">Vermont</subfield><subfield code="v">Newspapers.</subfield></datafield><datafield ind1=" " ind2="7" tag="655"><subfield code="a">Newspapers.</subfield><subfield code="2">fast</subfield><subfield code="0">(OCoLC)fst01423814</subfield></datafield><datafield ind1=" " ind2="7" tag="650"><subfield code="a">College student newspapers and periodicals.</subfield><subfield code="2">fast</subfield><subfield code="0">(OCoLC)fst00867966</subfield></datafield><datafield ind1=" " ind2="7" tag="651"><subfield code="a">Vermont.</subfield><subfield code="2">fast</subfield><subfield code="0">(OCoLC)fst01204305</subfield></datafield><datafield ind1="2" ind2=" " tag="710"><subfield code="a">University of Vermont.</subfield></datafield><datafield ind1=" " ind2=" " tag="752"><subfield code="a">United States</subfield><subfield code="b">Vermont</subfield><subfield code="c">Chittenden</subfield><subfield code="d">Burlington.</subfield></datafield><datafield ind1="0" ind2=" " tag="770"><subfield code="t">Vermont cynic quarterly</subfield><subfield code="g">May 1910-</subfield><subfield code="w">(OCoLC)12765865</subfield></datafield><datafield ind1="0" ind2=" " tag="770"><subfield code="t">Literary issue of the Vermont cynic</subfield><subfield code="g">1925-1926</subfield><subfield code="w">(OCoLC)10744642</subfield></datafield><datafield ind1="0" ind2="0" tag="780"><subfield code="t">Vermont cynic and monthly</subfield><subfield code="w">(DLC)sn 97067570</subfield><subfield code="w">(OCoLC)19966312</subfield></datafield></record>